<?xml version="1.0" encoding="UTF-8"?><record xmlns="http://www.loc.gov/MARC21/slim" xmlns:cinclude="http://apache.org/cocoon/include/1.0" xmlns:zs="http://www.loc.gov/zing/srw/">
  <leader>01738cz  a2200157n  4500</leader>
  <controlfield tag="001">n 2004024182</controlfield>
  <controlfield tag="003">DLC</controlfield>
  <controlfield tag="005">20080320080836.0</controlfield>
  <controlfield tag="008">040623n| acannaabn          |a aaa      </controlfield>
  <datafield tag="010" ind1=" " ind2=" ">
    <subfield code="a">n 2004024182</subfield>
    <subfield code="z">no2008028948</subfield>
  </datafield>
  <datafield tag="040" ind1=" " ind2=" ">
    <subfield code="a">DLC</subfield>
    <subfield code="b">eng</subfield>
    <subfield code="c">DLC</subfield>
    <subfield code="d">DLC</subfield>
  </datafield>
  <datafield tag="100" ind1="1" ind2=" ">
    <subfield code="a">Parsons, William Henry,</subfield>
    <subfield code="d">1826-1907</subfield>
  </datafield>
  <datafield tag="400" ind1="1" ind2=" ">
    <subfield code="a">Parsons, W. H.</subfield>
    <subfield code="q">(William Henry),</subfield>
    <subfield code="d">1826-1907</subfield>
  </datafield>
  <datafield tag="670" ind1=" " ind2=" ">
    <subfield code="a">In the saddle with the Texans, 2004:</subfield>
    <subfield code="b">ECIP galley (William Henry Parsons; commander of Texas cavalry brigade)</subfield>
  </datafield>
  <datafield tag="670" ind1=" " ind2=" ">
    <subfield code="a">Handbook of Texas online, WWW, June 23, 2004</subfield>
    <subfield code="b">(Parsons, William Henry; newspaper editor, legislator, and Confederate colonel; son of Samuel and Hannah (Broadwell) Parsons; b. Apr. 23, 1826 in N.J.; his family moved to Montgomery, Ala. when he was a child; after Mexican War, Parsons settled in Texas; editor of the Tyler Telegraph; founded his own newspaper, the South West, in Waco in 1860; at start of Civil War received commission as colonel from Gov. Edward Clark with authorization to raise a regt. for state service; by Oct. 1862 had command of a brigade consisting of his own 12th Texas, Burford's 19th Texas Cavalry, Carter's 21st Texas Cavalry, and Pratt's 10th Texas Field Battery; elected to Texas Senate and served in the 12th Legislature (1870-71) as representative of Harris, Montgomery, Anderson, Henderson, and Van Zandt counties; in 1871 Pres. Grant appointed him a U.S. Centennial commissioner, and he moved to N.Y.; elder brother of Albert R. Parsons who was executed for his part in the Haymarket Riot of Chicago in 1886; later held various govt. positions and lived in Wash., D.C., and Va.; d. Oct. 3, 1907)</subfield>
  </datafield>
  <datafield tag="670" ind1=" " ind2=" ">
    <subfield code="a">International Railroad, 1871:</subfield>
    <subfield code="b">p. 10 (W.H. Parsons; affiliated with the Judiciary Committee of the Texas Senate)</subfield>
  </datafield>
</record>